@article{einstein,
    author = "{Albert Einstein}",
    title = "{Zur Elektrodynamik bewegter K{\"o}rper}. ({German}) [{On} the electrodynamics of moving bodies]",
    journal = "{Annalen der Physik}",
    volume = "{322}",
    number = "{10}",
    pages = "{891--921}",
    year = {1905},
    DOI = "{http://dx.doi.org/10.1002/andp.19053221004}"
}

@misc{siteufc,
    author = "{Universidade Federal do Ceará}",
    title = "{Identidade Visual da UFC}",
    howpublished = {\url{http://www.ufc.br/}},
    note = {Online; acessado em 26 de Dezembro de 2020},
    year={2020},
}

@book{marwedel2021embedded,
  title={Embedded system design: embedded systems foundations of cyber-physical systems, and the internet of things},
  author={Marwedel, Peter},
  year={2021},
  publisher={Springer Nature}
}

@book{white2011making,
  title={Making Embedded Systems: Design Patterns for Great Software},
  author={White, Elecia},
  year={2011},
  publisher={" O'Reilly Media, Inc."}
}


@article{specifications2000part,
  title={Part 1},
  author={Specifications, SD Memory Card},
  journal={PHYSICAL LAYER SPECIFICATION, Version},
  volume={1},
  year={2000}
}

@article{specification2006sd,
  title={SD Specifications Part 1 Physical Layer Simplified Specification},
  author={Specification, Simplified},
  year={2006}
}

@misc{sd3sd2,
  title={SD Specifications Part 1 Physical Layer Specification},
  author={SD Group and SD Card Association},
  publisher={SD Group and SD Card Association}
}


@book{vahid2001embedded,
  title={Embedded system design: a unified hardware/software introduction},
  author={Vahid, Frank and Givargis, Tony D},
  year={2001},
  publisher={John Wiley \& Sons}
}


@book{hamacher2011computer,
  title={Computer organization and embedded systems},
  author={Hamacher, Carl and Vranesic, Zvonko and Zaky, Safwat and Manjikian, Naraig},
  year={2012},
  publisher={McGraw-Hill Higher Education}
}


@online{2022espressifS3,
	author = {Espressif Systems},
	title = {ESP32-S3 Series Datasheet},
	year = {2022},
	url = {https://espressif.com/sites/default/files/documentation/esp32-s3_datasheet_en.pdf},
	urlaccessdate = {20 mai. 2022}
}

@online{2010sd3sd,
	author = {SD Group and SD Card Association},
	title = {SD Specifications Part 1 Physical Layer Specification},
	year = {2010},
	url = {https://community.nxp.com/pwmxy87654/attachments/pwmxy87654/imx-processors%40tkb/3706/1/Part_1_Physical_Layer_Specification_Ver3.01_Final_100218.pdf},
	urlaccessdate = {29 mai. 2022}
}

@online{dou2022,
	author = {Imprensa Nacional},
	title = {Diário Oficial da União},
	year = {2022},
	url = {https://download.in.gov.br/sgpub/do/secao1/2022/2022_05_10/2022_05_10_ASSINADO_do1.pdf?arg1=ZVSIjf9m9meFiIUlR522Pw&arg2=1656646118},
	urlaccessdate = {10 jun. 2022}
}

@inproceedings{carroll2010analysis,
  title={An analysis of power consumption in a smartphone},
  author={Carroll, Aaron and Heiser, Gernot},
  booktitle={2010 USENIX Annual Technical Conference (USENIX ATC 10)},
  year={2010}
}


@online{glasdoor2022,
	author = {Glassdoor},
	title = {Instituto de Pesquisas ELDORADO - Salários},
	year = {2022},
	url = {https://www.glassdoor.com.br/Sal%C3%A1rio/Instituto-de-Pesquisas-ELDORADO-Desenvolvedor-de-Hardware-Pleno-Sal%C3%A1rios-E420492_D_KO32,63.htm},
	urlaccessdate = {29 jun. 2022}
}